@ARTICLE{9627142,
  author={Niri, R. and Gutierrez, E. and Douzi, H. and Lucas, Y. and Treuillet, S. and Castaneda, B. and Hernandez, I.},
  journal={IEEE Access},
  title={Multi-View Data Augmentation to Improve Wound Segmentation on 3D Surface Model by Deep Learning},
  year={2021},
  volume={9},
  number={},
  pages={157628-157638},
  doi={10.1109/ACCESS.2021.3130784}}
