
@inproceedings{gutierrez_combined_2021,
	address = {Online Only, United States},
	title = {Combined thermal and color {3D} model for wound evaluation from handheld devices},
	isbn = {978-1-5106-4031-3 978-1-5106-4032-0},
	url = {https://www.spiedigitallibrary.org/conference-proceedings-of-spie/11601/2580669/Combined-thermal-and-color-3D-model-for-wound-evaluation-from/10.1117/12.2580669.full},
	doi = {10.1117/12.2580669},
	urldate = {2021-03-26},
	booktitle = {Medical {Imaging} 2021: {Imaging} {Informatics} for {Healthcare}, {Research}, and {Applications}},
	publisher = {SPIE},
	author = {Gutierrez, Evelyn and Casta√±eda, Benjamin and Treuillet, Sylvie and Lucas, Yves},
	editor = {Park, Brian J. and Deserno, Thomas M.},
	month = feb,
	year = {2021},
	pages = {7}
}
