
@inproceedings{gutierrez_correction_2020,
	address = {Cham},
	title = {Correction of {Temperature} {Estimated} from a {Low}-{Cost} {Handheld} {Infrared} {Camera} for {Clinical} {Monitoring}},
	isbn = {978-3-030-40605-9},
	abstract = {},
	booktitle = {Advanced {Concepts} for {Intelligent} {Vision} {Systems}},
	publisher = {Springer International Publishing},
	author = {Gutierrez, Evelyn and Casta√±eda, Benjamin and Treuillet, Sylvie},
	editor = {Blanc-Talon, Jacques and Delmas, Patrice and Philips, Wilfried and Popescu, Dan and Scheunders, Paul},
	year = {2020},
	pages = {108--116}
}
